@book{Stein:1385521,
      author        = "Stein, Elias M and Shakarchi, Rami",
      title         = "{Real analysis: measure theory, integration, and Hilbert
                       spaces}",
      publisher     = "Princeton Univ. Press",
      address       = "Princeton, NJ",
      series        = "Princeton lectures in analysis",
      year          = "2005",
      url           = "https://cds.cern.ch/record/1385521",
}

@book{folland2013real,
  title={Real Analysis: Modern Techniques and Their Applications},
  author={Folland, G.B.},
  isbn={9781118626399},
  series={Pure and Applied Mathematics: A Wiley Series of Texts, Monographs and Tracts},
  url={https://books.google.co.jp/books?id=wI4fAwAAQBAJ},
  year={2013},
  publisher={Wiley}
}

@book{1961实变函数论,
  title={实变函数论},
  lccn={81835797},
  url={https://books.google.co.jp/books?id=KQYBjwEACAAJ},
  year={1961},
  publisher={人民教育出版社}
}

@book{2007分形几何,
  title={分形几何: 数学基础及其应用},
  author={Falconer, K.J.},
  isbn={9787115165671},
  series={图灵数学{\textperiodcentered}统计学丛书},
  url={https://books.google.co.jp/books?id=blfJPQAACAAJ},
  year={2007},
  publisher={人民邮电出版社}
}